 Date,Type,Merchant/Description,Debit/Credit,Balance
13/12/2019,CR,************************************,£129.00,-£14.67
12/12/2019,DD,Fox-like badger,-£20.06,-£143.67
11/12/2019,CHQ,******************,-£27.50,-£123.61
10/12/2019,))),Fox-like badger,-£1.39,-£96.11
10/12/2019,))),Fox-like badger,-£15.93,-£94.72
10/12/2019,))),Fox-like badger,-£1.70,-£78.79
10/12/2019,))),Fox-like badger,-£6.10,-£77.09
10/12/2019,VIS,Fox-like badger,-£48.50,-£70.99
10/12/2019,VIS,Fox-like badger,-£200.00,-£22.49
10/12/2019,VIS,Fox-like badger,-£9.99,£177.51
10/12/2019,CR,************************************,£280.00,£187.50
09/12/2019,))),Badger,-£12.80,-£92.50
09/12/2019,))),Badger,-£4.20,-£79.70
09/12/2019,))),Badger,-£4.40,-£75.50
09/12/2019,))),Badger,-£23.04,-£71.10
09/12/2019,VIS,Badger,-£36.18,-£48.06
09/12/2019,ATM,Badger,-£400.00,-£11.88
05/12/2019,DD,Badger,-£52.00,£388.12
04/12/2019,))),Badger,-£8.02,£440.12
04/12/2019,BP,Badger,-£150.00,£448.14
03/12/2019,DD,Badger,-£19.48,£598.14
02/12/2019,VIS,Badger,-£64.57,£617.62
02/12/2019,))),Badger,-£13.70,£682.19
02/12/2019,))),Badger,-£13.70,£695.89
02/12/2019,SO,Badger,-£316.00,£709.59
02/12/2019,SO,Badger,-£420.67,"£1,025.59"
02/12/2019,DD,Badger,-£19.00,"£1,446.26"
02/12/2019,DD,Badger,-£103.00,"£1,465.26"
02/12/2019,DD,Badger,-£185.61,"£1,568.26"
02/12/2019,DD,Badger,-£126.73,"£1,753.87"
02/12/2019,DD,Badger,-£345.88,"£1,880.60"
29/11/2019,))),Badger,-£14.79,"£2,226.48"
29/11/2019,))),Badger,-£1.74,"£2,241.27"
29/11/2019,VIS,Badger,-£44.46,"£2,243.01"
28/11/2019,ATM,Badger,-£40.00,"£2,287.47"
28/11/2019,DD,Badger,-£146.39,"£2,327.47"
28/11/2019,CR,Badger,"£2,226.87","£2,473.86"
25/11/2019,VIS,Badger,-£9.00,£246.99
25/11/2019,))),Badger,-£16.57,£255.99
25/11/2019,VIS,Badger,-£50.46,£272.56
25/11/2019,VIS,Badger,-£39.41,£323.02
25/11/2019,))),Badger,-£13.30,£362.43
25/11/2019,))),Badger,-£5.65,£375.73
25/11/2019,))),Badger,-£7.00,£381.38
25/11/2019,))),Badger,-£3.90,£388.38
23/11/2019,ATM,Badger,-£30.00,£392.28
22/11/2019,VIS,Badger,-£24.99,£422.28
22/11/2019,CR,Badger,£1.99,£447.27
21/11/2019,))),Badger,-£22.77,£445.28
21/11/2019,VIS,Badger,-£64.75,£468.05
19/11/2019,))),Badger,-£1.59,£532.80
19/11/2019,))),Badger,-£8.74,£534.39
19/11/2019,VIS,Badger,-£45.00,£543.13
19/11/2019,VIS,Badger,-£3.99,£588.13
19/11/2019,VIS,Badger,-£2.99,£592.12
19/11/2019,VIS,Badger,-£6.36,£595.11
19/11/2019,VIS,Badger,-£12.99,£601.47
19/11/2019,VIS,Badger,-£7.49,£614.46
19/11/2019,VIS,Badger,-£9.56,£621.95
19/11/2019,INT,Badger,-£2.11,£631.51
18/11/2019,))),Badger,-£20.47,£633.62
18/11/2019,))),Badger,-£15.57,£654.09
18/11/2019,))),Badger,-£3.90,£669.66
18/11/2019,))),Badger,-£6.90,£673.56
18/11/2019,))),Badger,-£6.70,£680.46
18/11/2019,))),Badger,-£3.20,£687.16
18/11/2019,))),Badger,-£3.84,£690.36
18/11/2019,VIS,Badger,"-£1,146.26",£694.20
18/11/2019,VIS,Badger,"-£2,161.77","£1,840.46"
18/11/2019,VIS,Badger,-£68.19,"£4,002.23"
18/11/2019,DD,Badger,-£166.00,"£4,070.42"
18/11/2019,DD,Badger,-£39.95,"£4,236.42"
18/11/2019,DD,Badger,-£1.00,"£4,276.37"
17/11/2019,BP,Badger,-£300.00,"£4,277.37"
15/11/2019,))),Badger,-£6.34,"£4,577.37"
15/11/2019,CR,Badger,£135.20,"£4,583.71"
12/11/2019,))),Badger,-£5.48,"£4,448.51"
12/11/2019,VIS,Badger,-£66.25,"£4,453.99"
12/11/2019,DD,Badger,-£20.06,"£4,520.24"
11/11/2019,))),Badger,-£11.35,"£4,540.30"
11/11/2019,))),Badger,-£12.97,"£4,551.65"
11/11/2019,))),Badger,-£28.63,"£4,564.62"
08/11/2019,VIS,Badger,-£36.99,"£4,593.25"
07/11/2019,))),Badger,-£2.30,"£4,630.24"
07/11/2019,))),Badger,-£3.99,"£4,632.54"
07/11/2019,))),Badger,-£3.99,"£4,636.53"
07/11/2019,))),Badger,-£11.69,"£4,640.52"
07/11/2019,VIS,Badger,-£54.72,"£4,652.21"
06/11/2019,))),Badger,-£3.48,"£4,706.93"
06/11/2019,))),Badger,-£5.00,"£4,710.41"
05/11/2019,ATM,Badger,-£20.00,"£4,715.41"
05/11/2019,DD,Badger,-£66.00,"£4,735.41"
04/11/2019,))),Badger,-£23.49,"£4,801.41"
04/11/2019,))),Badger,-£14.80,"£4,824.90"
04/11/2019,))),Badger,-£10.85,"£4,839.70"
04/11/2019,))),Badger,-£3.00,"£4,850.55"
04/11/2019,))),Badger,-£4.40,"£4,853.55"
04/11/2019,VIS,Badger,-£74.03,"£4,857.95"
04/11/2019,VIS,Badger,-£38.40,"£4,931.98"
04/11/2019,DD,Badger,-£19.48,"£4,970.38"
01/11/2019,VIS,Badger,-£41.99,"£4,989.86"
01/11/2019,SO,Badger,-£316.00,"£5,031.85"
01/11/2019,SO,Badger,-£420.67,"£5,347.85"
01/11/2019,DD,Badger,-£19.00,"£5,768.52"
01/11/2019,DD,Badger,-£103.00,"£5,787.52"
01/11/2019,DD,Badger,-£185.61,"£5,890.52"
01/11/2019,DD,Badger,-£126.73,"£6,076.13"
01/11/2019,DD,Badger,-£345.88,"£6,202.86"
31/10/2019,VIS,Badger,-£3.99,"£6,548.74"
31/10/2019,DD,Badger,-£99.44,"£6,552.73"
30/10/2019,CR,Badger,"£2,226.87","£6,652.17"
29/10/2019,))),Badger,-£7.31,"£4,425.30"
29/10/2019,VIS,Badger,-£63.29,"£4,432.61"
29/10/2019,CR,Badger,"£5,000.00","£4,495.90"
28/10/2019,))),Badger,-£4.49,-£504.10
28/10/2019,))),Badger,-£1.39,-£499.61
28/10/2019,))),Badger,-£12.00,-£498.22
28/10/2019,))),Badger,-£3.05,-£486.22
28/10/2019,))),Badger,-£1.30,-£483.17
28/10/2019,))),Badger,-£1.30,-£481.87
28/10/2019,))),Badger,-£1.30,-£480.57
28/10/2019,))),Badger,-£1.30,-£479.27
28/10/2019,))),Badger,-£3.99,-£477.97
28/10/2019,VIS,Badger,-£46.00,-£473.98
28/10/2019,BP,Badger,-£70.00,-£427.98
23/10/2019,))),Badger,-£3.18,-£357.98
23/10/2019,VIS,Badger,-£51.90,-£354.80
22/10/2019,VIS,Badger,-£12.50,-£302.90
21/10/2019,))),Badger,-£11.00,-£290.40
21/10/2019,))),Badger,-£19.04,-£279.40
21/10/2019,))),Badger,-£12.97,-£260.36
21/10/2019,))),Badger,-£15.91,-£247.39
21/10/2019,VIS,Badger,-£205.98,-£231.48
21/10/2019,BP,Badger,-£41.00,-£25.50
21/10/2019,DD,Badger,-£166.00,£15.50
20/10/2019,INT,Badger,-£0.33,£181.50
18/10/2019,VIS,Badger,-£10.00,£181.83
18/10/2019,VIS,Badger,-£19.89,£191.83
18/10/2019,DD,Badger,-£1.00,£211.72
17/10/2019,VIS,Badger,-£9.00,£212.72
17/10/2019,VIS,Badger,-£19.00,£221.72
17/10/2019,VIS,Badger,-£22.20,£240.72
17/10/2019,DD,Badger,-£41.93,£262.92
16/10/2019,CR,Badger,£540.00,£304.85
15/10/2019,))),Badger,-£20.02,-£235.15
15/10/2019,VIS,Badger,-£84.34,-£215.13
15/10/2019,VIS,Badger,-£27.64,-£130.79
15/10/2019,VIS,Badger,-£11.59,-£103.15
15/10/2019,CR,Badger,£215.90,-£91.56
14/10/2019,))),Badger,-£7.20,-£307.46
14/10/2019,))),Badger,-£4.96,-£300.26
14/10/2019,))),Badger,-£14.53,-£295.30
14/10/2019,VIS,Badger,-£53.35,-£280.77
14/10/2019,VIS,Badger,-£26.85,-£227.42
14/10/2019,VIS,Badger,-£10.74,-£200.57
14/10/2019,DD,Badger,-£20.06,-£189.83
07/10/2019,))),Badger,-£14.55,-£169.77
07/10/2019,))),Badger,-£11.85,-£155.22
07/10/2019,VIS,Badger,-£66.35,-£143.37
07/10/2019,DD,Badger,-£66.00,-£77.02
04/10/2019,VIS,Badger,-£11.20,-£11.02
03/10/2019,DD,Badger,-£20.03,£0.18
01/10/2019,VIS,Badger,-£86.83,£20.21
01/10/2019,VIS,Badger,-£158.00,£107.04
01/10/2019,SO,Badger,-£182.00,£265.04
01/10/2019,SO,Badger,-£420.67,£447.04
01/10/2019,DD,Badger,-£19.00,£867.71
01/10/2019,DD,Badger,-£103.00,£886.71
01/10/2019,DD,Badger,-£185.61,£989.71
01/10/2019,DD,Badger,-£126.73,"£1,175.32"
01/10/2019,DD,Badger,-£345.88,"£1,302.05"
30/09/2019,))),Badger,-£2.09,"£1,647.93"
30/09/2019,))),Badger,-£2.59,"£1,650.02"
30/09/2019,))),Badger,-£2.40,"£1,652.61"
30/09/2019,))),Badger,-£2.25,"£1,655.01"
30/09/2019,))),Badger,-£8.91,"£1,657.26"
30/09/2019,))),Badger,-£14.22,"£1,666.17"
30/09/2019,))),Badger,-£9.50,"£1,680.39"
30/09/2019,))),Badger,-£0.85,"£1,689.89"
30/09/2019,))),Badger,-£2.40,"£1,690.74"
30/09/2019,))),Badger,-£24.00,"£1,693.14"
30/09/2019,VIS,Badger,-£2.50,"£1,717.14"
30/09/2019,VIS,Badger,-£2.50,"£1,719.64"
30/09/2019,VIS,Badger,-£58.04,"£1,722.14"
30/09/2019,VIS,Badger,-£18.20,"£1,780.18"
30/09/2019,VIS,Badger,-£20.38,"£1,798.38"
30/09/2019,VIS,Badger,-£5.00,"£1,818.76"
30/09/2019,VIS,Badger,-£4.90,"£1,823.76"
30/09/2019,VIS,Badger,-£12.77,"£1,828.66"
30/09/2019,VIS,Badger,-£7.00,"£1,841.43"
30/09/2019,DD,Badger,-£99.44,"£1,848.43"
28/09/2019,ATM,Badger,-£70.00,"£1,947.87"
27/09/2019,))),Badger,-£6.10,"£2,017.87"
27/09/2019,))),Badger,-£9.62,"£2,023.97"
27/09/2019,CR,Badger,"£2,226.87","£2,033.59"
26/09/2019,))),Badger,-£7.15,-£193.28
26/09/2019,))),Badger,-£2.95,-£186.13
26/09/2019,))),Badger,-£2.60,-£183.18
23/09/2019,))),Badger,-£20.10,-£180.58
23/09/2019,))),Badger,-£10.66,-£160.48
23/09/2019,VIS,Badger,-£51.96,-£149.82
23/09/2019,VIS,Badger,-£66.00,-£97.86
23/09/2019,VIS,Badger,-£53.00,-£31.86
23/09/2019,DD,Badger,-£166.00,£21.14
21/09/2019,ATM,Badger,-£30.00,£187.14
20/09/2019,VIS,Badger,-£10.46,£217.14
20/09/2019,VIS,Badger,-£16.90,£227.60
20/09/2019,VIS,Badger,-£36.84,£244.50
20/09/2019,VIS,Badger,-£1.50,£281.34
18/09/2019,DD,Badger,-£1.00,£282.84
17/09/2019,))),Badger,-£1.75,£283.84
17/09/2019,DD,Badger,-£39.16,£285.59
16/09/2019,))),Badger,-£9.38,£324.75
16/09/2019,))),Badger,-£2.35,£334.13
16/09/2019,))),Badger,-£5.25,£336.48
16/09/2019,))),Badger,-£7.62,£341.73
16/09/2019,))),Badger,-£9.29,£349.35
16/09/2019,))),Badger,-£10.70,£358.64
16/09/2019,))),Badger,-£6.45,£369.34
16/09/2019,))),Badger,-£2.60,£375.79
16/09/2019,))),Badger,-£9.38,£378.39
16/09/2019,VIS,Badger,-£3.00,£387.77
16/09/2019,VIS,Badger,-£64.64,£390.77
16/09/2019,VIS,Badger,-£3.00,£455.41
15/09/2019,BP,Badger,-£10.00,£458.41
13/09/2019,CR,Badger,£53.60,£468.41
12/09/2019,))),Badger,-£2.73,£414.81
12/09/2019,VIS,Badger,-£32.24,£417.54
12/09/2019,DD,Badger,-£20.06,£449.78
11/09/2019,))),Badger,-£10.29,£469.84
11/09/2019,VIS,Badger,-£3.99,£480.13
10/09/2019,))),Badger,-£4.00,£484.12
09/09/2019,))),Badger,-£10.90,£488.12
09/09/2019,))),Badger,-£26.47,£499.02
09/09/2019,))),Badger,-£8.40,£525.49
09/09/2019,))),Badger,-£16.33,£533.89
09/09/2019,VIS,Badger,-£32.99,£550.22
09/09/2019,VIS,Badger,-£125.00,£583.21
09/09/2019,VIS,Badger,-£58.69,£708.21
06/09/2019,CR,Badger,£106.00,£766.90
05/09/2019,VIS,Badger,-£108.00,£660.90
05/09/2019,DD,Badger,-£66.00,£768.90
04/09/2019,BP,Badger,£27.00,£834.90
03/09/2019,))),Badger,-£12.47,£807.90
02/09/2019,))),Badger,-£5.00,£820.37
02/09/2019,))),Badger,-£14.30,£825.37
02/09/2019,))),Badger,-£0.85,£839.67
02/09/2019,))),Badger,-£4.73,£840.52
02/09/2019,))),Badger,-£16.48,£845.25
02/09/2019,))),Badger,-£8.00,£861.73
02/09/2019,VIS,Badger,-£31.94,£869.73
02/09/2019,VIS,Badger,-£4.65,£901.67
02/09/2019,SO,Badger,-£182.00,£906.32
02/09/2019,SO,Badger,-£420.67,"£1,088.32"
02/09/2019,DD,Badger,-£19.48,"£1,508.99"
02/09/2019,DD,Badger,-£19.00,"£1,528.47"
02/09/2019,DD,Badger,-£103.00,"£1,547.47"
02/09/2019,DD,Badger,-£185.61,"£1,650.47"
02/09/2019,DD,Badger,-£126.73,"£1,836.08"
02/09/2019,DD,Badger,-£345.88,"£1,962.81"
30/08/2019,DD,Badger,-£99.44,"£2,308.69"
29/08/2019,CR,Badger,"£2,230.27","£2,408.13"
27/08/2019,))),Badger,-£5.98,£177.86
27/08/2019,))),Badger,-£21.01,£183.84
27/08/2019,))),Badger,-£12.40,£204.85
27/08/2019,))),Badger,-£12.90,£217.25
27/08/2019,))),Badger,-£3.20,£230.15
27/08/2019,))),Badger,-£6.50,£233.35
27/08/2019,))),Badger,-£4.40,£239.85
27/08/2019,))),Badger,-£11.17,£244.25
27/08/2019,VIS,Badger,-£36.09,£255.42
27/08/2019,VIS,Badger,-£59.61,£291.51
22/08/2019,VIS,Badger,-£99.29,£351.12
21/08/2019,))),Badger,-£9.92,£450.41
21/08/2019,VIS,Badger,-£55.90,£460.33
21/08/2019,VIS,Badger,-£109.96,£516.23
20/08/2019,CR,Badger,£100.00,£626.19
20/08/2019,CR,Badger,£110.00,£526.19
19/08/2019,))),Badger,-£1.48,£416.19
19/08/2019,))),Badger,-£3.98,£417.67
19/08/2019,))),Badger,-£8.92,£421.65
19/08/2019,))),Badger,-£16.21,£430.57
19/08/2019,VIS,Badger,-£11.65,£446.78
19/08/2019,VIS,Badger,-£31.91,£458.43
19/08/2019,DD,Badger,-£166.00,£490.34
19/08/2019,DD,Badger,-£53.66,£656.34
19/08/2019,DD,Badger,-£1.00,£710.00
16/08/2019,CR,Badger,£360.00,£711.00
16/08/2019,))),Badger,-£8.50,£351.00
15/08/2019,))),Badger,-£4.29,£359.50
15/08/2019,))),Badger,-£3.80,£363.79
15/08/2019,))),Badger,-£3.55,£367.59
15/08/2019,))),Badger,-£18.97,£371.14
15/08/2019,CR,Badger,£53.20,£390.11
14/08/2019,))),Badger,-£11.32,£336.91
14/08/2019,))),Badger,-£1.85,£348.23
14/08/2019,))),Badger,-£4.26,£350.08
14/08/2019,VIS,Badger,-£42.48,£354.34
14/08/2019,VIS,Badger,-£2.50,£396.82
13/08/2019,))),Badger,-£4.49,£399.32
13/08/2019,))),Badger,-£7.75,£403.81
13/08/2019,))),Badger,-£6.10,£411.56
13/08/2019,VIS,Badger,-£5.99,£417.66
13/08/2019,DD,Badger,-£20.06,£423.65
12/08/2019,ATM,Badger,-£20.00,£443.71
09/08/2019,))),Badger,-£25.92,£463.71
09/08/2019,VIS,Badger,-£53.49,£489.63
08/08/2019,VIS,Badger,-£72.00,£543.12
08/08/2019,DD,Badger,-£4.34,£615.12
06/08/2019,VIS,Badger,-£13.94,£619.46
05/08/2019,))),Badger,-£2.50,£633.40
05/08/2019,))),Badger,-£13.75,£635.90
05/08/2019,))),Badger,-£8.00,£649.65
05/08/2019,))),Badger,-£17.19,£657.65
05/08/2019,VIS,Badger,-£76.75,£674.84
05/08/2019,VIS,Badger,-£57.23,£751.59
05/08/2019,DD,Badger,-£66.00,£808.82
02/08/2019,DD,Badger,-£19.48,£874.82
01/08/2019,SO,Badger,-£182.00,£894.30
01/08/2019,SO,Badger,-£420.67,"£1,076.30"
01/08/2019,DD,Badger,-£23.00,"£1,496.97"
01/08/2019,DD,Badger,-£99.44,"£1,519.97"
01/08/2019,DD,Badger,-£103.00,"£1,619.41"
01/08/2019,DD,Badger,-£185.61,"£1,722.41"
01/08/2019,DD,Badger,-£126.73,"£1,908.02"
01/08/2019,DD,Badger,-£345.88,"£2,034.75"
30/07/2019,))),Badger,-£5.50,"£2,380.63"
30/07/2019,VIS,Badger,-£63.50,"£2,386.13"
30/07/2019,CR,Badger,"£2,226.07","£2,449.63"
29/07/2019,))),Badger,-£6.90,£223.56
29/07/2019,))),Badger,-£10.90,£230.46
29/07/2019,))),Badger,-£2.90,£241.36
29/07/2019,))),Badger,-£4.40,£244.26
29/07/2019,))),Badger,-£7.15,£248.66
29/07/2019,VIS,Badger,-£34.96,£255.81
29/07/2019,VIS,Badger,-£34.77,£290.77
29/07/2019,VIS,Badger,-£3.49,£325.54
25/07/2019,VIS,Badger,-£63.63,£329.03
24/07/2019,VIS,Badger,-£1.84,£392.66
22/07/2019,))),Badger,-£1.60,£394.50
22/07/2019,))),Badger,-£3.55,£396.10
22/07/2019,))),Badger,-£8.35,£399.65
22/07/2019,))),Badger,-£9.05,£408.00
22/07/2019,))),Badger,-£4.02,£417.05
22/07/2019,VIS,Badger,-£12.40,£421.07
22/07/2019,VIS,Badger,-£11.88,£433.47
22/07/2019,))),Badger,-£15.31,£445.35
22/07/2019,))),Badger,-£15.35,£460.66
22/07/2019,))),Badger,-£4.00,£476.01
22/07/2019,))),Badger,-£0.62,£480.01
22/07/2019,VIS,Badger,-£5.00,£480.63
22/07/2019,VIS,Badger,-£32.88,£485.63
22/07/2019,VIS,Badger,-£44.71,£518.51
22/07/2019,DD,Badger,-£166.00,£563.22
19/07/2019,VIS,Badger,-£11.99,£729.22
18/07/2019,DD,Badger,-£1.00,£741.21
17/07/2019,))),Badger,-£14.19,£742.21
17/07/2019,DD,Badger,-£53.50,£756.40
15/07/2019,))),Badger,-£1.48,£809.90
15/07/2019,))),Badger,-£14.45,£811.38
15/07/2019,BP,Badger,-£150.00,£825.83
15/07/2019,BP,Badger,-£150.00,£975.83
15/07/2019,CR,Badger,£52.80,"£1,125.83"
12/07/2019,))),Badger,-£2.09,"£1,073.03"
12/07/2019,))),Badger,-£1.39,"£1,075.12"
12/07/2019,VIS,Badger,-£57.82,"£1,076.51"
12/07/2019,VIS,Badger,-£6.99,"£1,134.33"
12/07/2019,VIS,Badger,-£38.67,"£1,141.32"
12/07/2019,DD,Badger,-£20.06,"£1,179.99"
11/07/2019,ATM,Badger,-£60.00,"£1,200.05"
10/07/2019,VIS,Badger,-£235.14,"£1,260.05"
09/07/2019,))),Badger,-£13.58,"£1,495.19"
09/07/2019,))),Badger,-£7.00,"£1,508.77"
09/07/2019,))),Badger,-£4.40,"£1,515.77"
08/07/2019,))),Badger,-£18.82,"£1,520.17"
08/07/2019,))),Badger,-£1.50,"£1,538.99"
08/07/2019,))),Badger,-£10.35,"£1,540.49"
08/07/2019,))),Badger,-£9.24,"£1,550.84"
08/07/2019,))),Badger,-£7.75,"£1,560.08"
08/07/2019,VIS,Badger,-£55.06,"£1,567.83"
07/07/2019,CR,Badger,£500.00,"£1,622.89"
05/07/2019,))),Badger,-£9.24,"£1,122.89"
05/07/2019,DD,Badger,-£66.00,"£1,132.13"
04/07/2019,VIS,Badger,-£3.59,"£1,198.13"
04/07/2019,))),Badger,-£1.30,"£1,201.72"
03/07/2019,DD,Badger,-£19.48,"£1,203.02"
02/07/2019,VIS,Badger,-£15.75,"£1,222.50"
01/07/2019,))),Badger,-£17.55,"£1,238.25"
01/07/2019,))),Badger,-£5.20,"£1,255.80"
01/07/2019,))),Badger,-£9.00,"£1,261.00"
01/07/2019,))),Badger,-£1.39,"£1,270.00"
01/07/2019,))),Badger,-£12.96,"£1,271.39"
01/07/2019,VIS,Badger,-£54.04,"£1,284.35"
01/07/2019,SO,Badger,-£162.00,"£1,338.39"
01/07/2019,SO,Badger,-£420.67,"£1,500.39"
01/07/2019,DD,Badger,-£23.00,"£1,921.06"
01/07/2019,DD,Badger,-£99.44,"£1,944.06"
01/07/2019,DD,Badger,-£103.00,"£2,043.50"
01/07/2019,DD,Badger,-£185.61,"£2,146.50"
01/07/2019,DD,Badger,-£126.73,"£2,332.11"
01/07/2019,DD,Badger,-£345.88,"£2,458.84"
27/06/2019,CR,Badger,"£2,226.07","£2,804.72"
25/06/2019,CR,Badger,£146.40,£578.65
24/06/2019,))),Badger,-£6.15,£432.25
24/06/2019,))),Badger,-£1.99,£438.40
24/06/2019,VIS,Badger,-£69.62,£440.39
24/06/2019,DD,Badger,-£166.00,£510.01
23/06/2019,BP,Badger,-£10.00,£676.01
20/06/2019,))),Badger,-£2.10,£686.01
18/06/2019,DD,Badger,-£60.00,£688.11
18/06/2019,CR,Badger,£430.00,£748.11
17/06/2019,))),Badger,-£17.33,£318.11
17/06/2019,))),Badger,-£2.75,£335.44
17/06/2019,))),Badger,-£2.99,£338.19
17/06/2019,))),Badger,-£16.82,£341.18
17/06/2019,))),Badger,-£8.10,£358.00
17/06/2019,))),Badger,-£6.20,£366.10
17/06/2019,))),Badger,-£4.40,£372.30
17/06/2019,))),Badger,-£7.97,£376.70
17/06/2019,))),Badger,-£5.00,£384.67
17/06/2019,VIS,Badger,-£55.06,£389.67
17/06/2019,VIS,Badger,-£4.60,£444.73
17/06/2019,ATM,Badger,-£70.00,£449.33
17/06/2019,DD,Badger,-£53.50,£519.33
16/06/2019,BP,Badger,-£150.00,£572.83
14/06/2019,CR,Badger,£25.60,£722.83
11/06/2019,VIS,Badger,-£46.73,£697.23
10/06/2019,))),Badger,-£28.57,£743.96
10/06/2019,))),Badger,-£10.94,£772.53
10/06/2019,))),Badger,-£7.95,£783.47
10/06/2019,))),Badger,-£3.60,£791.42
10/06/2019,))),Badger,-£2.37,£795.02
10/06/2019,VIS,Badger,-£7.45,£797.39
05/06/2019,DD,Badger,-£66.00,£804.84
03/06/2019,))),Badger,-£11.20,£870.84
03/06/2019,))),Badger,-£5.65,£882.04
03/06/2019,))),Badger,-£3.20,£887.69
03/06/2019,))),Badger,-£3.17,£890.89
03/06/2019,))),Badger,-£11.18,£894.06
03/06/2019,VIS,Badger,-£12.50,£905.24
03/06/2019,SO,Badger,-£300.00,£917.74
03/06/2019,SO,Badger,-£420.67,"£1,217.74"
03/06/2019,DD,Badger,-£19.48,"£1,638.41"
03/06/2019,DD,Badger,-£23.00,"£1,657.89"
03/06/2019,DD,Badger,-£103.00,"£1,680.89"
03/06/2019,DD,Badger,-£246.46,"£1,783.89"
03/06/2019,DD,Badger,-£126.73,"£2,030.35"
03/06/2019,DD,Badger,-£345.88,"£2,157.08"
31/05/2019,))),Badger,-£2.59,"£2,502.96"
31/05/2019,VIS,Badger,-£62.61,"£2,505.55"
31/05/2019,VIS,Badger,-£90.43,"£2,568.16"
30/05/2019,DD,Badger,-£99.44,"£2,658.59"
30/05/2019,CR,Badger,"£2,226.07","£2,758.03"
29/05/2019,))),Badger,-£8.13,£531.96
28/05/2019,VIS,Badger,-£10.65,£540.09
28/05/2019,))),Badger,-£6.06,£550.74
28/05/2019,))),Badger,-£11.00,£556.80
28/05/2019,))),Badger,-£10.12,£567.80
28/05/2019,VIS,Badger,-£9.99,£577.92
28/05/2019,VIS,Badger,-£13.45,£587.91
24/05/2019,))),Badger,-£24.87,£601.36
24/05/2019,VIS,Badger,-£65.64,£626.23
21/05/2019,DD,Badger,-£166.00,£691.87
20/05/2019,))),Badger,-£6.26,£857.87
20/05/2019,))),Badger,-£21.10,£864.13
20/05/2019,))),Badger,-£3.88,£885.23
20/05/2019,))),Badger,-£11.90,£889.11
20/05/2019,VIS,Badger,-£3.50,£901.01
20/05/2019,VIS,Badger,-£9.15,£904.51
20/05/2019,DD,Badger,-£60.00,£913.66
17/05/2019,))),Badger,-£2.36,£973.66
17/05/2019,DD,Badger,-£53.50,£976.02
16/05/2019,))),Badger,-£4.92,"£1,029.52"
16/05/2019,))),Badger,-£4.50,"£1,034.44"
16/05/2019,VIS,Badger,-£62.36,"£1,038.94"
15/05/2019,))),Badger,-£3.75,"£1,101.30"
15/05/2019,))),Badger,-£5.99,"£1,105.05"
15/05/2019,))),Badger,-£5.99,"£1,111.04"
15/05/2019,))),Badger,-£2.55,"£1,117.03"
15/05/2019,))),Badger,-£3.00,"£1,119.58"
15/05/2019,))),Badger,-£10.40,"£1,122.58"
15/05/2019,))),Badger,-£1.79,"£1,132.98"
15/05/2019,))),Badger,-£1.79,"£1,134.77"
15/05/2019,))),Badger,-£5.00,"£1,136.56"
15/05/2019,))),Badger,-£3.50,"£1,141.56"
15/05/2019,))),Badger,-£6.99,"£1,145.06"
15/05/2019,))),Badger,-£2.60,"£1,152.05"
14/05/2019,))),Badger,-£2.45,"£1,154.65"
13/05/2019,))),Badger,-£8.50,"£1,157.10"
13/05/2019,))),Badger,-£3.85,"£1,165.60"
13/05/2019,))),Badger,-£2.40,"£1,169.45"
13/05/2019,))),Badger,-£0.89,"£1,171.85"
13/05/2019,))),Badger,-£18.64,"£1,172.74"
13/05/2019,))),Badger,-£2.19,"£1,191.38"
13/05/2019,))),Badger,-£12.78,"£1,193.57"
13/05/2019,))),Badger,-£10.70,"£1,206.35"
13/05/2019,))),Badger,-£5.60,"£1,217.05"
13/05/2019,))),Badger,-£1.00,"£1,222.65"
10/05/2019,))),Badger,-£16.55,"£1,223.65"
10/05/2019,))),Badger,-£1.99,"£1,240.20"
10/05/2019,VIS,Badger,-£56.95,"£1,242.19"
08/05/2019,))),Badger,-£5.84,"£1,299.14"
08/05/2019,))),Badger,-£6.40,"£1,304.98"
07/05/2019,))),Badger,-£27.70,"£1,311.38"
07/05/2019,))),Badger,-£10.00,"£1,339.08"
07/05/2019,))),Badger,-£3.29,"£1,349.08"
07/05/2019,))),Badger,-£3.20,"£1,352.37"
07/05/2019,))),Badger,-£4.90,"£1,355.57"
07/05/2019,))),Badger,-£7.30,"£1,360.47"
07/05/2019,))),Badger,-£5.20,"£1,367.77"
07/05/2019,VIS,Badger,-£35.55,"£1,372.97"
07/05/2019,VIS,Badger,-£44.44,"£1,408.52"
07/05/2019,DD,Badger,-£66.00,"£1,452.96"
03/05/2019,DD,Badger,-£19.00,"£1,518.96"
02/05/2019,))),Badger,-£5.87,"£1,537.96"
02/05/2019,VIS,Badger,-£54.00,"£1,543.83"
02/05/2019,DD,Badger,-£99.44,"£1,597.83"
01/05/2019,SO,Badger,-£300.00,"£1,697.27"
01/05/2019,SO,Badger,-£420.67,"£1,997.27"
01/05/2019,DD,Badger,-£23.00,"£2,417.94"
01/05/2019,DD,Badger,-£103.00,"£2,440.94"
01/05/2019,DD,Badger,-£246.46,"£2,543.94"
01/05/2019,DD,Badger,-£126.73,"£2,790.40"
01/05/2019,DD,Badger,-£345.88,"£2,917.13"
29/04/2019,))),Badger,-£2.30,"£3,263.01"
29/04/2019,))),Badger,-£7.90,"£3,265.31"
29/04/2019,))),Badger,-£4.28,"£3,273.21"
29/04/2019,))),Badger,-£11.20,"£3,277.49"
29/04/2019,))),Badger,-£9.48,"£3,288.69"
29/04/2019,VIS,Badger,-£70.18,"£3,298.17"
29/04/2019,CR,Badger,"£2,263.12","£3,368.35"
25/04/2019,VIS,Badger,-£13.99,"£1,105.23"
25/04/2019,CR,Badger,£0.14,"£1,119.22"
24/04/2019,))),Badger,-£12.10,"£1,119.08"
24/04/2019,VIS,Badger,-£4.95,"£1,131.18"
24/04/2019,VIS,Badger,-£17.98,"£1,136.13"
24/04/2019,VIS,Badger,-£23.49,"£1,154.11"
24/04/2019,VIS,Badger,-£15.99,"£1,177.60"
23/04/2019,))),Badger,-£13.16,"£1,193.59"
23/04/2019,VIS,Badger,-£61.79,"£1,206.75"
23/04/2019,DD,Badger,-£166.00,"£1,268.54"
23/04/2019,CR,Badger,£74.68,"£1,434.54"
19/04/2019,INT,Badger,-£0.14,"£1,359.86"
18/04/2019,))),Badger,-£10.63,"£1,360.00"
18/04/2019,DD,Badger,-£60.00,"£1,370.63"
17/04/2019,DD,Badger,-£53.50,"£1,430.63"
17/04/2019,CR,Badger,£52.80,"£1,484.13"
15/04/2019,))),Badger,-£5.05,"£1,431.33"
15/04/2019,))),Badger,-£4.00,"£1,436.38"
13/04/2019,ATM,Badger,-£30.00,"£1,440.38"
12/04/2019,))),Badger,-£23.90,"£1,470.38"
11/04/2019,VIS,Badger,-£551.61,"£1,494.28"
10/04/2019,))),Badger,-£21.50,"£2,045.89"
10/04/2019,VIS,Badger,-£5.49,"£2,067.39"
09/04/2019,BP,Badger,-£90.00,"£2,072.88"
09/04/2019,))),Badger,-£6.07,"£2,162.88"
09/04/2019,))),Badger,-£11.43,"£2,168.95"
09/04/2019,))),Badger,-£7.99,"£2,180.38"
08/04/2019,))),Badger,-£4.38,"£2,188.37"
08/04/2019,))),Badger,-£1.60,"£2,192.75"
08/04/2019,))),Badger,-£8.25,"£2,194.35"
08/04/2019,))),Badger,-£4.40,"£2,202.60"
08/04/2019,))),Badger,-£17.66,"£2,207.00"
08/04/2019,))),Badger,-£7.30,"£2,224.66"
08/04/2019,))),Badger,-£8.80,"£2,231.96"
08/04/2019,VIS,Badger,-£64.50,"£2,240.76"
05/04/2019,DD,Badger,-£66.00,"£2,305.26"
02/04/2019,))),Badger,-£21.14,"£2,371.26"
02/04/2019,DD,Badger,-£19.00,"£2,392.40"
01/04/2019,))),Badger,-£9.49,"£2,411.40"
01/04/2019,))),Badger,-£6.07,"£2,420.89"
01/04/2019,))),Badger,-£7.00,"£2,426.96"
01/04/2019,))),Badger,-£2.19,"£2,433.96"
01/04/2019,))),Badger,-£12.05,"£2,436.15"
01/04/2019,VIS,Badger,-£54.74,"£2,448.20"
01/04/2019,SO,Badger,-£260.00,"£2,502.94"
01/04/2019,SO,Badger,-£420.67,"£2,762.94"
01/04/2019,DD,Badger,-£23.00,"£3,183.61"
01/04/2019,DD,Badger,-£99.44,"£3,206.61"
01/04/2019,DD,Badger,-£98.91,"£3,306.05"
01/04/2019,DD,Badger,-£7.50,"£3,404.96"
01/04/2019,DD,Badger,-£246.46,"£3,412.46"
01/04/2019,DD,Badger,-£345.88,"£3,658.92"
01/04/2019,DD,Badger,-£126.73,"£4,004.80"
29/03/2019,))),Badger,-£18.89,"£4,131.53"
28/03/2019,))),Badger,-£4.42,"£4,150.42"
28/03/2019,CR,Badger,"£2,284.76","£4,154.84"
27/03/2019,))),Badger,-£3.69,"£1,870.08"
27/03/2019,))),Badger,-£12.50,"£1,873.77"
27/03/2019,VIS,Badger,-£45.00,"£1,886.27"
26/03/2019,))),Badger,-£9.62,"£1,931.27"
26/03/2019,VIS,Badger,-£64.70,"£1,940.89"
25/03/2019,))),Badger,-£5.00,"£2,005.59"
25/03/2019,))),Badger,-£16.76,"£2,010.59"
25/03/2019,VIS,Badger,-£6.50,"£2,027.35"
25/03/2019,))),Badger,-£4.20,"£2,033.85"
25/03/2019,))),Badger,-£0.94,"£2,038.05"
25/03/2019,VIS,Badger,-£39.01,"£2,038.99"
25/03/2019,DD,Badger,-£166.00,"£2,078.00"
21/03/2019,))),Badger,-£16.37,"£2,244.00"
21/03/2019,INT,Badger,-£1.83,"£2,260.37"
20/03/2019,VIS,Badger,-£59.99,"£2,262.20"
19/03/2019,VIS,Badger,"-£3,550.53","£2,322.19"
19/03/2019,VIS,Badger,-£1.00,"£5,872.72"
19/03/2019,VIS,Badger,-£34.14,"£5,873.72"
18/03/2019,))),Badger,-£4.76,"£5,907.86"
18/03/2019,))),Badger,-£11.00,"£5,912.62"
18/03/2019,))),Badger,-£11.85,"£5,923.62"
18/03/2019,))),Badger,-£9.90,"£5,935.47"
18/03/2019,))),Badger,-£6.10,"£5,945.37"
18/03/2019,))),Badger,-£1.25,"£5,951.47"
18/03/2019,VIS,Badger,"-£1,100.00","£5,952.72"
18/03/2019,VIS,Badger,-£61.26,"£7,052.72"
18/03/2019,VIS,Badger,-£5.00,"£7,113.98"
18/03/2019,DD,Badger,-£53.50,"£7,118.98"
18/03/2019,DD,Badger,-£60.00,"£7,172.48"
17/03/2019,BP,Badger,-£100.00,"£7,232.48"
17/03/2019,BP,Badger,-£200.00,"£7,332.48"
17/03/2019,BP,Badger,-£500.00,"£7,532.48"
15/03/2019,CR,Badger,£188.00,"£8,032.48"
14/03/2019,))),Badger,-£2.00,"£7,844.48"
13/03/2019,))),Badger,-£1.71,"£7,846.48"
13/03/2019,VIS,Badger,-£372.00,"£7,848.19"
12/03/2019,))),Badger,-£3.20,"£8,220.19"
12/03/2019,VIS,Badger,-£37.38,"£8,223.39"
11/03/2019,))),Badger,-£17.59,"£8,260.77"
11/03/2019,))),Badger,-£21.98,"£8,278.36"
11/03/2019,VIS,Badger,-£34.00,"£8,300.34"
11/03/2019,))),Badger,-£9.30,"£8,334.34"
11/03/2019,))),Badger,-£2.99,"£8,343.64"
11/03/2019,))),Badger,-£1.50,"£8,346.63"
11/03/2019,))),Badger,-£4.40,"£8,348.13"
11/03/2019,))),Badger,-£2.82,"£8,352.53"
08/03/2019,))),Badger,-£5.07,"£8,355.35"
07/03/2019,))),Badger,-£3.20,"£8,360.42"
06/03/2019,BP,Badger,-£370.00,"£8,363.62"
06/03/2019,VIS,Badger,-£60.09,"£8,733.62"
06/03/2019,VIS,Badger,-£12.50,"£8,793.71"
06/03/2019,CR,Badger,"£9,000.00","£8,806.21"
05/03/2019,DD,Badger,-£19.00,-£193.79
05/03/2019,DD,Badger,-£66.00,-£174.79
04/03/2019,))),Badger,-£19.86,-£108.79
04/03/2019,))),Badger,-£10.37,-£88.93
04/03/2019,))),Badger,-£3.60,-£78.56
04/03/2019,))),Badger,-£7.20,-£74.96
04/03/2019,))),Badger,-£1.50,-£67.76
04/03/2019,))),Badger,-£5.90,-£66.26
04/03/2019,))),Badger,-£4.40,-£60.36
04/03/2019,DD,Badger,-£57.91,-£55.96
04/03/2019,DD,Badger,-£7.50,£1.95
01/03/2019,SO,Badger,-£190.00,£9.45
01/03/2019,SO,Badger,-£420.67,£199.45
01/03/2019,DD,Badger,-£23.00,£620.12
01/03/2019,DD,Badger,-£12.83,£643.12
01/03/2019,DD,Badger,-£96.00,£655.95
01/03/2019,DD,Badger,-£246.46,£751.95
01/03/2019,DD,Badger,-£345.88,£998.41
28/02/2019,VIS,Badger,-£94.78,"£1,344.29"
27/02/2019,BP,Badger,-£380.00,"£1,439.07"
27/02/2019,CR,Badger,"£2,284.76","£1,819.07"
26/02/2019,VIS,Badger,-£63.25,-£465.69
25/02/2019,VIS,Badger,-£0.96,-£402.44
25/02/2019,))),Badger,-£20.89,-£401.48
25/02/2019,))),Badger,-£3.80,-£380.59
25/02/2019,))),Badger,-£1.50,-£376.79
25/02/2019,))),Badger,-£20.35,-£375.29
25/02/2019,))),Badger,-£3.70,-£354.94
25/02/2019,VIS,Badger,-£5.00,-£351.24
25/02/2019,DD,Badger,-£18.99,-£346.24
22/02/2019,))),Badger,-£2.20,-£327.25
20/02/2019,))),Badger,-£10.36,-£325.05
19/02/2019,))),Badger,-£3.21,-£314.69
19/02/2019,INT,Badger,-£18.04,-£311.48
19/02/2019,DD,Badger,-£54.23,-£293.44
19/02/2019,DD,Badger,-£84.25,-£239.21
18/02/2019,))),Badger,-£11.46,-£154.96
18/02/2019,))),Badger,-£2.99,-£143.50
18/02/2019,))),Badger,-£14.34,-£140.51
18/02/2019,))),Badger,-£5.70,-£126.17
18/02/2019,))),Badger,-£3.30,-£120.47
18/02/2019,VIS,Badger,-£62.01,-£117.17
18/02/2019,VIS,Badger,-£60.86,-£55.16
18/02/2019,VIS,Badger,-£5.00,£5.70
18/02/2019,DD,Badger,-£53.50,£10.70
18/02/2019,DD,Badger,-£60.00,£64.20
13/02/2019,VIS,Badger,-£500.00,£124.20
11/02/2019,VIS,Badger,-£3.96,£624.20
09/02/2019,ATM,Badger,-£40.00,£628.16
08/02/2019,DD,Badger,-£9.50,£668.16
05/02/2019,DD,Badger,-£66.00,£677.66
04/02/2019,VIS,Badger,-£246.46,£743.66
04/02/2019,DD,Badger,-£19.00,£990.12
01/02/2019,SO,Badger,-£190.00,"£1,009.12"
01/02/2019,SO,Badger,-£420.67,"£1,199.12"
01/02/2019,DD,Badger,-£40.21,"£1,619.79"
01/02/2019,DD,Badger,-£23.00,"£1,660.00"
01/02/2019,DD,Badger,-£12.83,"£1,683.00"
01/02/2019,DD,Badger,-£96.00,"£1,695.83"
01/02/2019,DD,Badger,-£7.50,"£1,791.83"
01/02/2019,DD,Badger,-£333.31,"£1,799.33"
01/02/2019,DD,Badger,-£345.88,"£2,132.64"
31/01/2019,VIS,Badger,"-£2,000.00","£2,478.52"
30/01/2019,VIS,Badger,-£65.13,"£4,478.52"
30/01/2019,BP,Badger,-£191.09,"£4,543.65"
30/01/2019,DD,Badger,-£45.68,"£4,734.74"
30/01/2019,CR,Badger,"£5,843.06","£4,780.42"
29/01/2019,CR,Badger,£833.74,"-£1,062.64"
28/01/2019,VIS,Badger,-£14.98,"-£1,896.38"
25/01/2019,DD,Badger,-£18.99,"-£1,881.40"
25/01/2019,CR,Badger,£279.20,"-£1,862.41"
24/01/2019,CR,Badger,£14.70,"-£2,141.61"
22/01/2019,DD,Badger,-£67.08,"-£2,156.31"
21/01/2019,))),Badger,-£14.00,"-£2,089.23"
21/01/2019,CR,Badger,£200.69,"-£2,075.23"
21/01/2019,DD,Badger,-£833.74,"-£2,275.92"
21/01/2019,DD,Badger,-£54.23,"-£1,442.18"
19/01/2019,INT,Badger,-£8.91,"-£1,387.95"
16/01/2019,VIS,Badger,-£36.55,"-£1,379.04"
14/01/2019,))),Badger,-£5.50,"-£1,342.49"
14/01/2019,))),Badger,-£19.00,"-£1,336.99"
14/01/2019,VIS,Badger,-£4.20,"-£1,317.99"
14/01/2019,))),Badger,-£17.00,"-£1,313.79"
14/01/2019,))),Badger,-£17.20,"-£1,296.79"
14/01/2019,))),Badger,-£4.85,"-£1,279.59"
14/01/2019,))),Badger,-£6.85,"-£1,274.74"
14/01/2019,))),Badger,-£27.80,"-£1,267.89"
14/01/2019,))),Badger,-£5.00,"-£1,240.09"
14/01/2019,VIS,Badger,-£5.00,"-£1,235.09"
14/01/2019,VIS,Badger,-£6.60,"-£1,230.09"
14/01/2019,VIS,Badger,-£4.20,"-£1,223.49"
08/01/2019,DD,Badger,-£9.50,"-£1,219.29"
07/01/2019,))),Badger,-£4.47,"-£1,209.79"
07/01/2019,))),Badger,-£4.57,"-£1,205.32"
07/01/2019,))),Badger,-£10.15,"-£1,200.75"
07/01/2019,))),Badger,-£4.40,"-£1,190.60"
07/01/2019,VIS,Badger,-£5.50,"-£1,186.20"
07/01/2019,VIS,Badger,-£3.00,"-£1,180.70"
04/01/2019,))),Badger,-£1.74,"-£1,177.70"
04/01/2019,))),Badger,-£6.15,"-£1,175.96"
04/01/2019,VIS,Badger,-£43.10,"-£1,169.81"
04/01/2019,VIS,Badger,-£50.00,"-£1,126.71"
04/01/2019,VIS,Badger,-£39.00,"-£1,076.71"
03/01/2019,SO,Badger,-£60.00,"-£1,037.71"
03/01/2019,DD,Badger,-£40.21,-£977.71
02/01/2019,SO,Badger,-£220.24,-£937.50
02/01/2019,SO,Badger,-£420.67,-£717.26
02/01/2019,DD,Badger,-£19.00,-£296.59
02/01/2019,DD,Badger,-£23.00,-£277.59
02/01/2019,DD,Badger,-£12.83,-£254.59
02/01/2019,DD,Badger,-£96.00,-£241.76
02/01/2019,DD,Badger,-£7.50,-£145.76
02/01/2019,DD,Badger,-£246.46,-£138.26
02/01/2019,DD,Badger,-£358.08,£108.20
02/01/2019,DD,Badger,-£345.88,£466.28
01/01/2019,CR,Badger,£100.00,£812.16
31/12/2018,VIS,Badger,-£14.99,£712.16
31/12/2018,DD,Badger,-£49.81,£727.15
27/12/2018,))),Badger,-£5.00,£776.96
27/12/2018,DD,Badger,-£18.99,£781.96
24/12/2018,))),Badger,-£4.40,£800.95
23/12/2018,ATM,Badger,-£50.00,£805.35
21/12/2018,))),Badger,-£3.00,£855.35
21/12/2018,DD,Badger,-£67.08,£858.35
21/12/2018,CR,Badger,£140.80,£925.43
21/12/2018,CR,Badger,"£2,221.91",£784.63
20/12/2018,INT,Badger,-£3.18,"-£1,437.28"
17/12/2018,))),Badger,-£2.19,"-£1,434.10"
17/12/2018,))),Badger,-£0.16,"-£1,431.91"
17/12/2018,))),Badger,-£5.60,"-£1,431.75"
17/12/2018,VIS,Badger,-£12.70,"-£1,426.15"
,,,,
Arranged overdraft limit,15/01/2020,"£2,250.00",,
